@Inbook{Scargall2020,
author="Scargall, Steve",
title="Introduction to Persistent Memory Programming",
bookTitle="Programming Persistent Memory: A Comprehensive Guide for Developers",
year="2020",
publisher="Apress",
address="Berkeley, CA",
abstract="This book describes programming techniques for writing applications that use persistent memory. It is written for experienced software developers, but we assume no previous experience using persistent memory. We provide many code examples in a variety of programming languages. Most programmers will understand these examples, even if they have not previously used the specific language.",
isbn="978-1-4842-4932-1",
doi="10.1007/978-1-4842-4932-1_1",
url="https://doi.org/10.1007/978-1-4842-4932-1_1"
}

@misc{ pmemdoc,
author = "{Intel}",
title = "Persistent memory Documentation",
year = "2020",
howpublished = "\url{https://docs.pmem.io/persistent-memory/getting-started-guide/introduction}",
note = "[Online; accessed 22-November-2022]"
}

@misc{ pmem,
author = "Intel",
title = "Persistent memory -- {pmem.io}",
howpublished = "\url{https://pmem.io/}",
note = "[Online; accessed 22-November-2022]"
}

@misc{islam_narayanan_york_dai, 
    title={A Performance Study of Optane Persistent Memory: From Indexing Data Structures’ Perspective}, 
    howpublished = "\url{https://webpages.charlotte.edu/ddai/papers/MSST20_Pmem_CameraReady.pdf}", 
    journal={https://webpages.charlotte.edu/ddai/papers/MSST20_Pmem_CameraReady.pdf}, 
    author={Islam, Abdullah Al Raqibul and Narayanan, Anirudh and York, Christopher and Dai, Dong}
} 

@misc{
ibm,
title={Hard Disk Drive (HDD) vs. Solid State Drive (SSD): What’s the Difference?},
howpublished="\url{https://www.ibm.com/cloud/blog/hard-disk-drive-vs-solid-state-drive}",
note = "[Online; accessed 22-November-2022]"
}

@misc{
pmemuse,
title={Persistent Memory Use Cases},
howpublished="\url{https://www.intel.com/content/www/us/en/government/podcasts/embracing-digital-transformation-episode51.html}",
note = "[Online; accessed 22-November-2022]"
}


@misc{
pmdk,
author="Intel",
title={Persistent Memory Development Kit},
howpublished="\url{https://pmem.io/pmdk/}",
note = "[Online; accessed 22-November-2022]"
}

@misc{
tdb,
author="Intel",
title={TieredMemDB},
howpublished="\url{https://github.com/TieredMemDB/TieredMemDB}",
note = "[Online; accessed 22-November-2022]"
}

@misc{
pmemredis,
title={Pmem-Redis},
howpublished="\url{https://github.com/pmem/pmem-redis}",
note = "[Online; accessed 22-November-2022]"
}

@misc{
redis,
title={Redis},
howpublished="\url{https://redis.io/docs/about/}",
note = "[Online; accessed 22-November-2022]"
}

@misc{
startguide,
author="Intel",
title={Optane Memory Start Guide},
howpublished="\url{https://www.intel.com/content/dam/support/us/en/documents/memory-and-storage/optane-memory/intel-optane-memory-quick-start.pdf}",
note = "[Online; accessed 22-November-2022]"
}